@misc{agilemanifesto,
  title={The agile manifesto},
  author={Beck, Kent and Beedle, Mike and Van Bennekum, Arie and Cockburn, Alistair and Cunningham, Ward and Fowler, Martin and Grenning, James and Highsmith, Jim and Hunt, Andrew and Jeffries, Ron and others},
  year={2001},
  publisher={The Agile Alliance, www. agilemanifesto. org}
}