@article{clow2013overview,
  title={An overview of learning analytics},
  author={Clow, Doug},
  journal={Teaching in Higher Education},
  volume={18},
  number={6},
  pages={683--695},
  year={2013},
  publisher={Taylor \& Francis}
}
@article{elias2011learning,
  title={Learning analytics},
  author={Elias, Tanya},
  journal={Learning},
  pages={1--22},
  year={2011},
  publisher={Citeseer}
}
@article{stanja2023formative,
  title={Formative assessment strategies for students' conceptionsâ€”The potential of learning analytics},
  author={Stanja, Judith and Gritz, Wolfgang and Krugel, Johannes and Hoppe, Anett and Dannemann, Sarah},
  journal={British Journal of Educational Technology},
  volume={54},
  number={1},
  pages={58--75},
  year={2023},
  publisher={Wiley Online Library}
}
