@article{wright2011student,
  title={Student-centered learning in higher education.},
  author={Wright, Gloria Brown},
  journal={International journal of teaching and learning in higher education},
  volume={23},
  number={1},
  pages={92--97},
  year={2011},
  publisher={ERIC}
}
