@article{clow2013overview,
  title={An overview of learning analytics},
  author={Clow, Doug},
  journal={Teaching in Higher Education},
  volume={18},
  number={6},
  pages={683--695},
  year={2013},
  publisher={Taylor \& Francis}
}
